% The example bibliographical entries below were borrowed from the
% <https://www.ctan.org/pkg/biblatex-iso690> package documentation.

% BORGMAN, Christine L., 2003. From Gutenberg to the global information
% infrastructure: access to information in the networked world. First. Cambridge
% (Mass): The MIT Press. ISBN 0-262-52345-0 [xviii, 324]

@BOOK{borgman03,
  author    = {Borgman, Christine L.},
  date      = {2003},
  title     = {From Gutenberg to the global information infrastructure},
  subtitle  = {access to information in the networked world},
  edition   = {1}, % should not be stated
  location  = {Cambridge (Mass)},
  publisher = {The MIT Press},
  pagetotal = {xviii, 324},
  isbn      = {0-262-52345-0},
  langid    = {english}
}

% GREENBERG, David, 1998. Camel drivers and gatecrashers: quality control in
% the digital research library. In: HAWKINS, B.L et al. (eds.). The mirage of
% continuity: reconfiguring academic information resources for the 21st
% century.  Washington (D.C.): Council on Library and Information Resources;
% Association of American Universities, pp. 105–116

@INCOLLECTION{greenberg98,
  crossref  = {mirage98},
  author    = {Greenberg, David},
  title     = {Camel drivers and gatecrashers},
  subtitle  = {quality control in the digital research library},
  pages     = {105-116},
}

@COLLECTION{mirage98,
  title     = {The mirage of continuity},
  subtitle  = {reconfiguring academic information
               resources for the 21st century},
  editor    = {Hawkins, B.L and Battin, P},
  date      = {1998},
  location  = {Washington (D.C.)},
  publisher = {Council on Library and Information Resources;
               Association of American Universities},
  langid    = {english}
}

% LYNCH, C., 2005. Where do we go from here?: the next decade for digital
% libraries. DLib Magazine [online]. Vol. 11, no. 7/8 [visited on 2005-08-15].
% ISSN 1082-9873.  Available from:
% http://www.dlib.org/dlib/july05/lynch/07lynch.html

@ARTICLE{lynch05,
  crossref = {dlib},
  author   = {Lynch, C.},
  title    = {Where do we go from here?},
  subtitle = {the next decade for digital libraries},
  url      = {http://www.dlib.org/dlib/july05/lynch/07lynch.html},
  urldate  = {2005-08-15}
}

@PERIODICAL{dlib,
  journaltitle = {DLib Magazine},
  date         = {2005},
  volume       = {11},
  number       = {7/8},
  issn         = {1082-9873},
  langid       = {english},
}

% HÀN, Thé Thành, 2001. Micro-typographic extensions to the TEX type- setting
% system [online]. Brno [visited on 2016-12-09]. Available from:
% http://www.pragma-ade.nl/pdftex/thesis.pdf. PhD thesis. The Faculty of
% Informatics, Masaryk University.

@PHDTHESIS{thanh01,
  author      = {Hàn Thé, Thành},
  title       = {Micro-typographic extensions to the \TeX{} typesetting system},
  date        = {2001},
  institution = {The Faculty of Informatics, Masaryk University},
  location    = {Brno},
  url         = {http://www.pragma-ade.nl/pdftex/thesis.pdf},
  urldate     = {2016-12-09},
  langid      = {english}
}

% SHANNON, Claude Elwood, 1940. A symbolic analysis of relay and switching
% circuits. Available from DOI: 1721.1/11173. Master’s thesis.  Massachusetts
% Institute of Technology.

@MASTERSTHESIS{shannon40,
  author      = {Shannon, Claude Elwood},
  title       = {A symbolic analysis of relay and switching circuits},
  date        = {1940},
  institution = {Massachusetts Institute of Technology},
  langid      = {english},
  doi         = {1721.1/11173},
}

% EHLINGER JR., Philip Charles. Device for the treatment of hiccups. US.
% US Patent, 7062320.

@PATENT{ehlinger06,
  author   = {Ehlinger Jr., Philip Charles},
  title    = {Device for the treatment of hiccups},
  type     = {US Patent},
  location = {US},
  date     = {2006},
  number   = {7062320},
  langid   = {english}
}

% Masaryk University, 1996–2009 [online]. Brno: Masaryk University
% [visited on 2016-12-09]. Available from: https://www.muni.cz/en.

@ONLINE{muni,
  publisher = {Masaryk University},
  title     = {Masaryk University},
  date      = {1996/2009},
  url       = {https://www.muni.cz/en},
  urldate   = {2016-12-09},
  location  = {Brno},
  langid    = {english}
}

@ONLINE{shoebox,
  publisher = {IBM},
  title     = {IBM Shoebox},
  url       = {https://www.ibm.com/ibm/history/exhibits/specialprod1/specialprod1_7.html},
  urldate   = {2019-01-18},
  langid    = {english}
}

@ONLINE{clippy,
  publisher = {Voicebot.ai},
  title     = {Microsoft’s Clippy Changed the World},
  date      = {2016-11-03},
  url       = {https://voicebot.ai/2016/11/03/nymag-microsofts-clippy-changed-world/},
  urldate   = {2019-01-18},
  langid    = {english}
}

@ONLINE{mycroft,
  publisher = {mycroft.ai},
  title     = {Who is Mycroft?},
  date      = {2015/2018},
  url       = {https://mycroft.ai/about-mycroft/},
  urldate   = {2019-01-18},
  langid    = {english}
}

@ONLINE{braina,
  publisher = {Brainasoft},
  title     = {ARTIFICIAL INTELLIGENCE (AI) VIRTUAL ASSISTANT SOFTWARE},
  date      = {2018},
  url       = {https://www.brainasoft.com/braina/},
  urldate   = {2019-01-18},
  langid    = {english}
}

@ONLINE{alexa_name,
  publisher = {Insider Inc.},
  title     = {Amazon engineers had one good reason and one geeky reason for choosing the name Alexa},
  date      = {2016-07-12},
  url       = {https://www.businessinsider.com/why-amazon-called-it-alexa-2016-7},
  urldate   = {2019-04-09},
  langid    = {english}
}

@ONLINE{alexa_wirecutter,
  publisher = {Wirecutter, Inc.},
  title     = {What Is Alexa? What Is the Amazon Echo, and Should You Get One?},
  date      = {2018-12-21},
  url       = {https://thewirecutter.com/reviews/what-is-alexa-what-is-the-amazon-echo-and-should-you-get-one/},
  urldate   = {2019-01-28},
  langid    = {english}
}

@ONLINE{alexa_businessinsider,
  publisher = {Insider Inc.},
  title     = {How Amazon's Echo went from a smart speaker to the center of your home},
  date      = {2017-05-23},
  url       = {https://www.businessinsider.com/amazon-echo-and-alexa-history-from-speaker-to-smart-home-hub-2017-5},
  urldate   = {2019-01-28},
  langid    = {english}
}

@ONLINE{google_childhood,
  publisher = {Designtechnica Corporation},
  title     = {Google wants to make its next personal assistant more personable by giving it a childhood},
  date      = {2016-05-31},
  url       = {https://www.digitaltrends.com/mobile/google-assistant-getting-childhood/},
  urldate   = {2019-04-09},
  langid    = {english}
}

@ONLINE{google_ios,
  publisher = {Verizon Media},
  title     = {Google launches Google Assistant on the iPhone},
  date      = {2017-07-17},
  url       = {https://techcrunch.com/2017/05/17/google-launches-google-assistant-on-the-iphone/},
  urldate   = {2019-04-09},
  langid    = {english}
}

@ONLINE{google_type,
  publisher = {Vox Media, Inc.},
  title     = {You can finally use the keyboard to ask Google Assistant questions},
  date      = {2017-05-17},
  url       = {https://www.theverge.com/2017/5/17/15648472/google-assistant-keyboard-input-announced-io-2017},
  urldate   = {2019-04-09},
  langid    = {english}
}

@ONLINE{google_duplex,
  publisher = {Google},
  title     = {Google Duplex: An AI System for Accomplishing Real-World Tasks Over the Phone},
  date      = {2018-05-08},
  url       = {https://ai.googleblog.com/2018/05/duplex-ai-system-for-natural-conversation.html},
  urldate   = {2019-04-09},
  langid    = {english}
}

@ONLINE{siri_name,
  publisher = {Forbes Media LLC},
  title     = {How Did Siri Get Its Name?},
  date      = {2012-12-21},
  url       = {https://www.forbes.com/sites/quora/2012/12/21/how-did-siri-get-its-name/},
  urldate   = {2019-04-09},
  langid    = {english}
}

@ONLINE{siri_buy,
  publisher = {Quiller Media, Inc.},
  title     = {Apple acquires Siri, developer of personal assistant app for iPhone},
  date      = {2010-04-28},
  url       = {https://appleinsider.com/articles/10/04/28/apple_acquires_siri_developer_of_personal_assistant_app_for_iphone},
  urldate   = {2019-04-09},
  langid    = {english}
}

@ONLINE{siri_rising,
  publisher = {Verizon Media},
  title     = {SIRI RISING: The Inside Story Of Siri’s Origins — And Why She Could Overshadow The iPhone},
  date      = {2017-12-06},
  url       = {https://www.huffpost.com/entry/siri-do-engine-apple-iphone_n_2499165},
  urldate   = {2019-04-09},
  langid    = {english}
}

@ONLINE{alexa_risks,
  publisher = {MakeUseOf},
  title     = {7 Ways Alexa and Amazon Echo Pose a Privacy Risk},
  date      = {2018-01-10},
  url       = {https://www.makeuseof.com/tag/alexa-amazon-echo-privacy-risk/},
  urldate   = {2019-04-09},
  langid    = {english}
}

@ONLINE{alexa_listening,
  publisher = {A Medium Corporation},
  title     = {“Alexa, play some music” isn’t the only time Amazon is listening to you.},
  date      = {2019-01-09},
  url       = {https://medium.com/swlh/alexa-play-some-music-isnt-the-only-time-amazon-is-listening-to-you-a556df19613f},
  urldate   = {2019-04-09},
  langid    = {english}
}

@ONLINE{alexa_listening2,
  publisher = {ZeroHedge.com/ABC Media, LTD},
  title     = {'Always Listening' - Amazon's Alexa Stores Everything You Say To It; Here's How To Delete},
  date      = {2018-11-20},
  url       = {https://www.zerohedge.com/news/2018-11-20/amazon-stores-every-conversation-alexa-heres-how-delete-them},
  urldate   = {2019-04-09},
  langid    = {english}
}

@ONLINE{alexa_camera,
  publisher = {Associated Newspapers Ltd, Part of the Daily Mail, The Mail on Sunday & Metro Media Group},
  title     = {Amazon's Echo Look could spy on more than just your style: System has multiple privacy issues, experts warn},
  date      = {2017-04-28},
  url       = {https://www.dailymail.co.uk/sciencetech/article-4456148/Experts-warn-Echo-Look-s-privacy-issues.html},
  urldate   = {2019-04-09},
  langid    = {english}
}

@ONLINE{alexa_palmer,
  publisher = {Shelly Palmer},
  title     = {Amazon's Echo Look could spy on more than just your style: System has multiple privacy issues, experts warn},
  date      = {2017-01-01},
  url       = {https://www.shellypalmer.com/2017/01/just-dangerous-alexa/},
  urldate   = {2019-04-09},
  langid    = {english}
}

@ONLINE{alexa_dropin,
  publisher = {Purch},
  title     = {The One Alexa Feature You Need to Turn Off},
  date      = {2018-09-30},
  url       = {https://www.tomsguide.com/us/change-this-one-alexa-setting-now,review-5782.html},
  urldate   = {2019-04-09},
  langid    = {english}
}

@ONLINE{google_camera,
  publisher = {Designtechnica Corporation},
  title     = {The best home security cameras for 2019},
  date      = {2019-03-25},
  url       = {https://www.digitaltrends.com/home/best-home-security-cameras/},
  urldate   = {2019-04-11},
  langid    = {english}
}

@ONLINE{google_turnoff,
  publisher = {How-To Geek, LLC},
  title     = {How to Turn Off “Ok Google” on Your Android Device},
  date      = {2017-08-04},
  url       = {https://www.howtogeek.com/213784/how-to-turn-off-ok-google-on-your-android-device/},
  urldate   = {2019-04-11},
  langid    = {english}
}

@ONLINE{google_history,
  publisher = {IDG Communications, Inc.},
  title     = {How to check your Google Assistant history},
  date      = {2018-04-24},
  url       = {https://www.techhive.com/article/3268921/how-to-check-delete-google-assistant-history.html},
  urldate   = {2019-04-11},
  langid    = {english}
}

@ONLINE{google_history2,
  publisher = {Google},
  title     = {Delete your Google Assistant activity},
  url       = {https://support.google.com/assistant/answer/7108295},
  urldate   = {2019-04-11},
  langid    = {english}
}

@ONLINE{google_hacks,
  publisher = {Designtechnica Corporation},
  title     = {One hacker is ‘shocked’ at vulnerabilities in the Google Home Hub},
  date      = {2018-10-31},
  url       = {https://www.digitaltrends.com/home/google-home-hub-hack/},
  urldate   = {2019-04-11},
  langid    = {english}
}

@ONLINE{google_ads,
  publisher = {Third Door Media, Inc.},
  title     = {Google tests ads in Assistant results},
  date      = {2019-02-13},
  url       = {https://searchengineland.com/google-tests-ads-in-assistant-results-312062},
  urldate   = {2019-04-11},
  langid    = {english}
}

@ONLINE{siri_recordings,
  publisher = {Sophos Ltd.},
  title     = {Siri is listening to you, but she’s NOT spying, says Apple},
  date      = {2018-08-13},
  url       = {https://nakedsecurity.sophos.com/2018/08/13/siri-is-listening-to-you-but-shes-not-spying-says-apple/},
  urldate   = {2019-04-17},
  langid    = {english}
}

@ONLINE{siri_listening,
  publisher = {AnchorFree Inc.},
  title     = {Is Siri listening to your conversations?},
  date      = {2018-08-28},
  url       = {https://blog.hotspotshield.com/2018/08/28/is-siri-always-listening/},
  urldate   = {2019-04-17},
  langid    = {english}
}

@ONLINE{siri_camera,
  publisher = {Siriuserguide.com},
  title     = {How to take a Photo or Video using Siri},
  url       = {https://www.siriuserguide.com/article/take-a-photo-or-video-with-siri},
  urldate   = {2019-04-17},
  langid    = {english}
}

@ONLINE{siri_hacking,
  publisher = {PACE Technical Services},
  title     = {Alert: iPhone Lock Screen Vulnerability Found – Siri Can Be A Backstabber},
  url       = {https://www.pacetechnical.com/alert-iphone-lock-screen-vulnerability-found-siri-can-be-a-backstabber/},
  urldate   = {2019-04-21},
  langid    = {english}
}

@ONLINE{siri_compatibility,
  publisher = {Apple Inc.},
  title     = {Home accessories. The list keeps getting smarter.},
  url       = {https://www.apple.com/ios/home/accessories/},
  urldate   = {2019-04-21},
  langid    = {english}
}

@ONLINE{brownlee_battle,
  publisher = {Youtube},
  title     = {The Voice Assistant Battle! (2017)},
  date      = {2017-08-04},
  url       = {https://www.youtube.com/watch?v=BkpAro4zIwU},
  author    = {Marques Brownlee},
  urldate   = {2019-05-08},
  langid    = {english}
}

@ONLINE{wired_accents,
  publisher = {Youtube},
  title     = {8 People Test Their Accents on Siri, Echo and Google Home | WIRED},
  date      = {2017-05-16},
  url       = {https://www.youtube.com/watch?v=gNx0huL9qsQ},
  author    = {WIRED},
  urldate   = {2019-05-08},
  langid    = {english}
}
